<?xml version="1.0" encoding="UTF-8"?><collection xmlns="http://www.loc.gov/MARC21/slim"><record><leader>00537nam--2200157-i-4500</leader><controlfield tag="001">000004440</controlfield><controlfield tag="002">20161230</controlfield><controlfield tag="005">20170208170936</controlfield><controlfield tag="008">060222s1000------------r-----000-0-eng-d</controlfield><datafield ind1=" " ind2=" " tag="100"><subfield code="a">Baccaredda, M</subfield></datafield><datafield ind1=" " ind2=" " tag="245"><subfield code="a">Influenza della cristallinita e dei legami trasversali sul comportamento elstico ed anela stico degli alti polimeri.pubbl. della fac. d ing.di piso,serie XVII,no. 843</subfield></datafield><datafield ind1=" " ind2=" " tag="260"><subfield code="a">Milano</subfield><subfield code="b">Soc.P.Az.Editrice Di Chimica</subfield><subfield code="c">1958</subfield></datafield><datafield ind1=" " ind2=" " tag="300"><subfield code="a">8 p.,14 Fig</subfield></datafield><datafield ind1=" " ind2=" " tag="700"><subfield code="a">Butta, Enzo</subfield></datafield><datafield ind1=" " ind2=" " tag="852"><subfield code="a">13876</subfield></datafield><datafield ind1=" " ind2=" " tag="CAT"><subfield code="a">SYS</subfield><subfield code="c">20170208</subfield><subfield code="h">170936</subfield></datafield></record></collection>